@misc{ggally,
  title={Ggally: Extension to ggplot2},
  author={Schloerke, Barret and Crowley, Jason and Cook, Di and Hofmann, Heike and Wickham, Hadley and Briatte, Francois and Marbach, Moritz},
  year={2011}
}

@article{c5.0lassification,
  title={C5.0 Classification},
  author={Kuhn, Max and Weston, Steve and Coulter, Nathan}
}

@incollection{deng2011bias,
  title={Bias of importance measures for multi-valued attributes and solutions},
  author={Deng, Houtao and Runger, George and Tuv, Eugene},
  booktitle={Artificial Neural Networks and Machine Learning--ICANN 2011},
  pages={293--300},
  year={2011},
  publisher={Springer}
}

@misc{C4.5Algorithm,
  title={Supervised machine learning: A review of classification techniques},
  author={Kotsiantis, Sotiris B and Zaharakis, ID and Pintelas, PE},
  year={2007}
}

@inproceedings{shneiderman1996,
  title={The eyes have it: A task by data type taxonomy for information visualizations},
  author={Shneiderman, Ben},
  booktitle={Visual Languages, 1996. Proceedings., IEEE Symposium on},
  pages={336--343},
  year={1996},
  organization={IEEE}
}

@article{Cobb,
  title={Outline for the study of scoliosis},
  author={Cobb, JR},
  journal={Instructional Course Lectures},
  volume={5},
  pages={261--275},
  year={1948}
}

@article{GPLOMS,
  title={The Generalized Pairs Plot},
  author={Emerson, John W and Green, Walton A and Schloerke, Barret and Crowley, Jason and Cook, Dianne and Hofmann, Heike and Wickham, Hadley},
  journal={Journal of Computational and Graphical Statistics},
  volume={22},
  number={1},
  pages={79--91},
  year={2013},
  publisher={Taylor \& Francis Group}
}

@article{Hegenscheid2013,
	author 		= {Hegenscheid, Katrin and Seipel, Rebecca and Schmidt, Carsten O and V{\"o}lzke, Henry and K{\"u}hn, Jens-Peter and Biffar, Reiner and Kroemer, Heyo K and Hosten, Norbert and Puls, Ralf},
	title 		= {{Potentially relevant incidental findings on research whole-body MRI in the general adult population: frequencies and management.}},
	journal 	= {European Radiology},
	year 			= {2013},
	volume 		= {23},
	number 		= {3},
	pages 		= {816--826}
}

@INPROCEEDINGS{Rak2013,
  author = {Marko Rak and Karin Engel and Klaus Toennies},
  title = {Closed-Form Hierarchical Finite Element Models for Part-Based Object 
  Detection},
  booktitle = {VMV 2013 - Vision, Modeling, Visualization},
  year = {2013},
  pages = {137--144}
}

@INPROCEEDINGS{Klemm2013VMV,
	author = {Paul Klemm and Kai Lawonn and Marko Rak and Bernhard Preim and Klaus
	T{\"o}nnies and Katrin Hegenscheid and Henry V{\"o}lzke and Steffen Oeltze},
	title = {{Visualization and Analysis of Lumbar Spine Canal Variability in
	Cohort Study Data}},
	booktitle = {{VMV 2013 - Vision, Modeling, Visualization}},
	year = {2013},
	pages = {121--128}
}

@article{Klemm2014VIS,
	author = {Paul Klemm and Steffen Oeltze-Jafra and Kai Lawonn and Katrin Hegenscheid
	and Henry V{\"o}lzke and Bernhard Preim},
	title = {{Interactive Visual Analysis of Image-Centric Cohort Study Data}},
	journal = {{IEEE Transactions on Visualization and Computer Graphics (TVCG)}},
	year = {2014},
	pages = {in print}
}

@article{Frenet,
	author = {Frenet, F.},
	journal = {Journal de Mathématiques Pures et Appliquées},
	language = {fre},
	pages = {437-447},
	title = {Sur les courbes à double courbure.},
	url = {http://eudml.org/doc/233946},
	year = {1852},
}

@book{Fletcher,
	title={Clinical epidemiology: the essentials},
	author={Fletcher, Robert H and Fletcher, Suzanne W and Fletcher, Grant S},
	year={2012},
	publisher={Lippincott Williams \& Wilkins}
}

@article{Niemann2014,
	title = "Learning and inspecting classification rules from longitudinal epidemiological data to identify predictive features on hepatic steatosis ",
	journal = "Expert Systems with Applications",
	year = "2014",
	author = "Uli Niemann and Henry V{\"o}lzke and Jens-Peter K{\"u}hn and Myra Spiliopoulou"
}

@INPROCEEDINGS{Glasser2013,
	author = {Sylvia Gla{\ss}er and Uli Niemann and Bernhard Preim and Myra Spiliopoulou},
	title = {{Can we Distinguish Between Benign and Malignant Breast Tumors in
	DCE-MRI by Studying a Tumors Most Suspect Region Only?}},
	booktitle = {{Proc. of Symposium on Computer-Based Medical Systems (CBMS)}},
	year = {2013},
	pages = {59-64}
}

@INPROCEEDINGS{Pinheiro, 
	author={Pinheiro, F. and Mu-Hsing Kuo and Thomo, A and Barnett, J.}, 
	booktitle={Computational Advances in Bio and Medical Sciences (ICCABS), 2013 IEEE 3rd International Conference on}, 
	title={Extracting association rules from liver cancer data using the FP-growth algorithm}, 
	year={2013}, 
	month={June}, 
	pages={1-1}
}

@article{Sekhavat,
  title={Visualizing Association Rules Using Linked Matrix, Graph, and Detail Views},
  author={Sekhavat, Yoones A and Hoeber, Orland},
  journal={International Journal of Intelligence Science},
  volume={3},
  pages={34},
  year={2013},
  publisher={Scientific Research Publishing}
}

@INPROCEEDINGS{Klemm2014BVM,
	author = {Paul Klemm and Lisa Frauenstein and David Perlich and Katrin Hegenscheid
	and Henry V{\"o}lzke and Bernhard Preim},
	title = {{Clustering Socio-demographic and Medical Attribute Data in Cohort
	Studies}},
	booktitle = {{Bildverarbeitung f{\"u}r die Medizin (BVM)}},
	year = {2014},
	pages = {180--185}
}